<collection xmlns="http://www.loc.gov/MARC21/slim">
<record>
  <leader>01912nam0a2200277 i 450 </leader>
  <controlfield tag="001">IT\ICCU\CNCE\051187</controlfield>
  <controlfield tag="005">20150527000000.0</controlfield>
  <datafield tag="012" ind1=" " ind2=" ">
    <subfield code="a">stum o-no o-us voti (C) 1556 (R)</subfield>
    <subfield code="2">fei</subfield>
    <subfield code="9">2</subfield>
  </datafield>
  <datafield tag="100" ind1=" " ind2=" ">
    <subfield code="a">20001120d1556        0itac0103    ba</subfield>
  </datafield>
  <datafield tag="101" ind1=" " ind2=" ">
    <subfield code="a">LAT</subfield>
  </datafield>
  <datafield tag="102" ind1=" " ind2=" ">
    <subfield code="a">IT</subfield>
  </datafield>
  <datafield tag="200" ind1="1" ind2=" ">
    <subfield code="a">Epistolae obscurorum virorum ad M. Ortuinum Gratium, nil praeter lusum continens &amp; iocum, in arrogantes sciolos plerumque famae bonorum virorum obtrectatores et sanioris doctrinae contaminatores. Denuo uetustissimo &amp; festiuissimo exemplari prae ceteris editionibus locupletatae &amp; auctae</subfield>
  </datafield>
  <datafield tag="210" ind1=" " ind2=" ">
    <subfield code="d">1556</subfield>
    <subfield code="h">Romae stampato con priuilegio del Papa &amp; confirmato in lugo \!! qui vulgo dicitur Beluedere</subfield>
  </datafield>
  <datafield tag="215" ind1=" " ind2=" ">
    <subfield code="a">2 v.</subfield>
    <subfield code="d">12ʻ</subfield>
  </datafield>
  <datafield tag="300" ind1=" " ind2=" ">
    <subfield code="a">Contraffazione tedesca. - 2: Alterum volumen epistolarum obscurorum virorum ad D. M. Ortuinum Gratium, Attico lp̊ore refertae, denu ̣excusae &amp; a mendis repurgatae ... 1556 (Romae, stampato con priuilegio del Papa, &amp; confirmato in lugo, qui vulgo dicitur Beluedere). - La seconda parte ha il frontespizio della prima e viceversa cfr. J. G. Graesse,Tršor des livres rares et prčieux, II, p. 490</subfield>
  </datafield>
  <datafield tag="423" ind1=" " ind2="0">
    <subfield code="1">001IT\ICCU\CNCE\051188</subfield>
    <subfield code="1">2001 </subfield>
    <subfield code="a">Alterum volumen epistolarum obscurorum virorum ad D. M. Ortuinum Gratium, Attico lCepore refertae, denuAo excusae &amp; a mendis repurgatae</subfield>
  </datafield>
  <datafield tag="500" ind1="1" ind2="1">
    <subfield code="3">IT\ICCU\CNCE\051183</subfield>
    <subfield code="a">Epistolae obscurorum virorum</subfield>
  </datafield>
  <datafield tag="620" ind1=" " ind2=" ">
    <subfield code="a">IT</subfield>
    <subfield code="d">Roma</subfield>
  </datafield>
  <datafield tag="702" ind1=" " ind2="1">
    <subfield code="a">Hutten,</subfield>
    <subfield code="b">Ulrich : von</subfield>
    <subfield code="3">IT\ICCU\CNCA\006530</subfield>
  </datafield>
  <datafield tag="712" ind1="0" ind2="2">
    <subfield code="a">s.n.</subfield>
    <subfield code="3">IT\ICCU\CNCT\000002</subfield>
    <subfield code="4">650</subfield>
  </datafield>
  <datafield tag="790" ind1=" " ind2="1">
    <subfield code="a">Huttenus,</subfield>
    <subfield code="b">Ulricus</subfield>
    <subfield code="3">IT\ICCU\CNCA\019891</subfield>
    <subfield code="z">Hutten, Ulrich : von</subfield>
  </datafield>
  <datafield tag="790" ind1=" " ind2="0">
    <subfield code="a">Ulrichus</subfield>
    <subfield code="c"> : de#Hutten</subfield>
    <subfield code="3">IT\ICCU\CNCA\019957</subfield>
    <subfield code="z">Hutten, Ulrich : von</subfield>
  </datafield>
  <datafield tag="801" ind1=" " ind2="3">
    <subfield code="a">IT</subfield>
    <subfield code="b">ICCU</subfield>
    <subfield code="c">20201115</subfield>
  </datafield>
  <datafield tag="899" ind1=" " ind2=" ">
    <subfield code="a">Biblioteca estera - Universiteitsbibliotheek Gent. Gent</subfield>
    <subfield code="1">AA0011</subfield>
  </datafield>
  <datafield tag="899" ind1=" " ind2=" ">
    <subfield code="a">Biblioteca Apostolica Vaticana. Citt ̉del Vaticano</subfield>
    <subfield code="z">MUTILO</subfield>
    <subfield code="1">EX0001</subfield>
    <subfield code="2">ZCV 01</subfield>
  </datafield>
  <datafield tag="899" ind1=" " ind2=" ">
    <subfield code="a">Biblioteca Diocesana Vigilianum. Trento</subfield>
    <subfield code="1">TN0132</subfield>
    <subfield code="2">ZTN 10</subfield>
  </datafield>
</record>
</collection>
